<?xml version="1.0" encoding="UTF-8"?><collection xmlns="http://www.loc.gov/MARC21/slim"><record><leader>00381nam--2200133-i-4500</leader><controlfield tag="001">000027913</controlfield><controlfield tag="002">20161230</controlfield><controlfield tag="005">20161230201037</controlfield><controlfield tag="008">060222s1000------------r-----000-0-eng-d</controlfield><datafield ind1=" " ind2=" " tag="080"><subfield code="a">539.12.01</subfield></datafield><datafield ind1=" " ind2=" " tag="100"><subfield code="a">Lee, Benjamin W.And Zumino, Bruno</subfield></datafield><datafield ind1=" " ind2=" " tag="245"><subfield code="a">Some considerations on the efimov-fradkin method in non-linear field theories</subfield></datafield><datafield ind1=" " ind2=" " tag="260"><subfield code="a">Geneva, Cern, 1969, 28p</subfield></datafield><datafield ind1=" " ind2=" " tag="852"><subfield code="a">31099</subfield></datafield></record></collection>